@Misc{www-iplt20,
  author       = {{https://www.iplt20.com}},
  title        = {{IPL T20}, official website},
  howpublished = {Web Page},
  note         = {Accessed: 2018-05-26},
  owner        = {abhigupt, skhande},
  url          = {https://www.iplt20.com},
}

@Misc{www-kragle-iplc,
  author       = {{Manas Garg - Kaggle}},
  title        = {Indian Premier League (Cricket) Ball-By-Ball Cricket Data},
  howpublished = {Web Page},
  note         = {Accessed: 2018-05-26},
  owner        = {abhigupt, skhande},
  url          = {https://www.kaggle.com/manasgarg/ipl/data},
}

@article{kumar2014reflecting,
  title={Reflecting Against Perception: Data Analysis of IPL Batsman},
  author={Kumar, Amit and Sindhu, Ritu},
  year={2014},
  url          = {http://www.academia.edu/download/34190997/B036307011.pdf}
}

